@inproceedings{hofmann2015variance,
  title={Variance Reduced Stochastic Gradient Descent with Neighbors},
  author={Hofmann, Thomas and Lucchi, Aurelien and Lacoste-Julien, Simon and McWilliams, Brian},
  booktitle={NIPS 2015 - Advances in Neural Information Processing Systems},
  year={2015}
}

@article{yuan2006model,
  title={Model selection and estimation in regression with grouped variables},
  author={Yuan, Ming and Lin, Yi},
  journal={Journal of the Royal Statistical Society: Series B (Statistical Methodology)},
  volume={68},
  number={1},
  pages={49--67},
  year={2006},
  publisher={Wiley Online Library}
}
@article{barbero2014modular,
  title={Modular proximal optimization for multidimensional total-variation regularization},
  author={Barbero, {\'A}lvaro and Sra, Suvrit},
  journal={arXiv preprint arXiv:1411.0589},
  year={2014}
}
@article{friedman2010note,
  title={A note on the group lasso and a sparse group lasso},
  author={Friedman, Jerome and Hastie, Trevor and Tibshirani, Robert},
  journal={arXiv preprint arXiv:1001.0736},
  year={2010}
}
@inproceedings{schmidt2015non,
  title={Non-Uniform Stochastic Average Gradient Method for Training Conditional Random Fields},
  author={Schmidt, Mark and Babanezhad, Reza and Ahmed, Mohamed Osama and Defazio, Aaron and Clifton, Ann and Sarkar, Anoop},
  booktitle={International Conference on Artificial Intelligence and Statistics (AISTATS)},
  year={2015}
}

@book{nesterov2004introductory,
  title={Introductory lectures on convex optimization},
  author={Nesterov, Yurii},
  volume={87},
  year={2004},
  publisher={Springer Science \& Business Media}
}

@article{schmidt2013minimizing,
  title={Minimizing finite sums with the stochastic average gradient},
  author={Schmidt, Mark and Roux, Nicolas Le and Bach, Francis},
  journal={arXiv preprint arXiv:1309.2388},
  year={2013}
}

@inproceedings{defazio2014saga,
  title={{SAGA}: A fast incremental gradient method with support for non-strongly convex composite objectives},
  author={Defazio, Aaron and Bach, Francis and Lacoste-Julien, Simon},
  booktitle={Advances in Neural Information Processing Systems},
  pages={1646--1654},
  year={2014}
}